<?xml version="1.0" encoding="UTF-8"?>
<record xmlns="http://www.loc.gov/MARC21/slim">
   <leader>01167cam a2200253 a 4500</leader>
   <controlfield tag="001">2752837</controlfield>
   <controlfield tag="003">NjP</controlfield>
   <controlfield tag="005">20171010172428.0</controlfield>
   <controlfield tag="008">880108s196u    ir            000 0 arard</controlfield>
   <datafield tag="024" ind1="7" ind2=" ">
      <subfield code="a">princeton_aco004378</subfield>
      <subfield code="2">local</subfield>
   </datafield>
   <datafield ind1=" " ind2=" " tag="035">
      <subfield code="a">(OCoLC)ocm17319105</subfield>
   </datafield>
   <datafield ind1=" " ind2=" " tag="035">
      <subfield code="9">CNE5574TS</subfield>
   </datafield>
   <datafield ind1=" " ind2=" " tag="040">
      <subfield code="a">OSU</subfield>
      <subfield code="c">OSU</subfield>
      <subfield code="d">PUL</subfield>
   </datafield>
   <datafield ind1="1" ind2=" " tag="041">
      <subfield code="a">araper</subfield>
      <subfield code="h">ara</subfield>
   </datafield>
   <datafield ind1="1" ind2=" " tag="100">
      <subfield code="a">Kulaynī, Muḥammad ibn Yaʻqūb,</subfield>
      <subfield code="d">-941?</subfield>
      <subfield code="0">http://id.loc.gov/authorities/names/n80158377</subfield>
   </datafield>
   <datafield ind1="1" ind2="0" tag="240">
      <subfield code="a">Kāfī.</subfield>
      <subfield code="l">Persian &amp; Arabic.</subfield>
      <subfield code="k">Selections.</subfield>
      <subfield code="f">1980</subfield>
   </datafield>
   <datafield ind1="1" ind2="0" tag="245">
      <subfield code="a">Uṣūl-i Kāfī /</subfield>
      <subfield code="c">taʾlīf-i Abī Jaʻfar Muḥammad ibn Yaʻqūb ibn Isḥāq al-Kulaynī al-Rāzī ; bā tarjamah va sharḥ bi-qalam-i Javād Muṣṭafavī.</subfield>
   </datafield>
   <datafield ind1=" " ind2=" " tag="260">
      <subfield code="a">[Tehran] :</subfield>
      <subfield code="b">Intishārāt-i ʻIlmīyah-i Islāmīyah,</subfield>
      <subfield code="c">[196-?]</subfield>
   </datafield>
   <datafield ind1=" " ind2=" " tag="300">
      <subfield code="a">4 v. in 2 ;</subfield>
      <subfield code="c">25 cm.</subfield>
   </datafield>
   <datafield ind1=" " ind2=" " tag="500">
      <subfield code="a">Text in Arabic; commentary and translation in Persian.</subfield>
   </datafield>
   <datafield ind1=" " ind2=" " tag="500">
      <subfield code="a">Vol. 4: Commentary and translation by Hāshim Rasūlī Maḥallātī.</subfield>
   </datafield>
   <datafield ind1=" " ind2="0" tag="650">
      <subfield code="a">Hadith (Shiites)</subfield>
      <subfield code="v">Early works to 1800.</subfield>
      <subfield code="0">http://id.loc.gov/authorities/subjects/sh2008121359</subfield>
   </datafield>
   <datafield ind1="1" ind2=" " tag="700">
      <subfield code="a">Muṣṭafavī, Javād.</subfield>
   </datafield>
   <datafield ind1="2" ind2=" " tag="700">
      <subfield code="a">Rasūlī Maḥallātī, Hāshim.</subfield>
   </datafield>
   <datafield ind1=" " ind2=" " tag="945">
      <subfield code="a">F</subfield>
      <subfield code="b">1</subfield>
      <subfield code="c">2271.518.351.1965</subfield>
      <subfield code="e">v.1-4</subfield>
   </datafield>
   <datafield ind1=" " ind2=" " tag="911">
      <subfield code="a">20000130</subfield>
   </datafield>
   <datafield ind1="8" ind2="1" tag="852">
      <subfield code="0">3063571</subfield>
      <subfield code="b">rcppa</subfield>
      <subfield code="t">1</subfield>
      <subfield code="h">2271.518.351.1965</subfield>
      <subfield code="x">tr fr f</subfield>
   </datafield>
   <datafield ind1=" " ind2="0" tag="866">
      <subfield code="0">3063571</subfield>
      <subfield code="8">0</subfield>
      <subfield code="a">v.1-4</subfield>
   </datafield>
   <datafield ind1=" " ind2=" " tag="959">
      <subfield code="a">2003-03-20 15:05:47 -0500</subfield>
   </datafield>
</record>
